geodesics-in-thin-part/references.bib